<?xml version="1.0" encoding="UTF-8"?><collection xmlns="http://www.loc.gov/MARC21/slim"><record><leader>00438nam--2200157-i-4500</leader><controlfield tag="001">000042859</controlfield><controlfield tag="002">20161230</controlfield><controlfield tag="005">20161230201043</controlfield><controlfield tag="008">060222s1000------------r-----000-0-eng-d</controlfield><datafield ind1=" " ind2=" " tag="080"><subfield code="a">517.91=03.82(075.8)</subfield></datafield><datafield ind1="1" ind2=" " tag="100"><subfield code="a">Stepanov,V.V</subfield></datafield><datafield ind1="1" ind2="0" tag="245"><subfield code="a">Curs de ecuatii diferentiale. trad.din lb.rusa</subfield><subfield code="c">V.v. stepanov</subfield></datafield><datafield ind1=" " ind2=" " tag="260"><subfield code="a">Bucuresti, Editura Tehnica, 1955</subfield></datafield><datafield ind1=" " ind2=" " tag="300"><subfield code="a">547 P. + ERATA</subfield></datafield><datafield ind1=" " ind2=" " tag="852"><subfield code="a">4501</subfield><subfield code="c">517.9</subfield></datafield><datafield ind1=" " ind2=" " tag="CAT"><subfield code="a">Sys</subfield><subfield code="c">20101004</subfield><subfield code="h">124539</subfield></datafield></record></collection>